%YAML 1.1
%TAG !u! tag:unity3d.com,2011:
--- !u!1 &1226100056
GameObject:
  m_ObjectHideFlags: 0
  m_CorrespondingSourceObject: {fileID: 0}
  m_PrefabInstance: {fileID: 0}
  m_PrefabAsset: {fileID: 0}
  serializedVersion: 6
  m_Component:
  - component: {fileID: 1226100057}
  m_Layer: 0
  m_Name: Right Point Graphics
  m_TagString: Untagged
  m_Icon: {fileID: 0}
  m_NavMeshLayer: 0
  m_StaticEditorFlags: 0
  m_IsActive: 1
--- !u!4 &1226100057
Transform:
  m_ObjectHideFlags: 0
  m_CorrespondingSourceObject: {fileID: 0}
  m_PrefabInstance: {fileID: 0}
  m_PrefabAsset: {fileID: 0}
  m_GameObject: {fileID: 1226100056}
  m_LocalRotation: {x: -0, y: -0.70710707, z: -0, w: 0.70710653}
  m_LocalPosition: {x: 5, y: 0, z: 10}
  m_LocalScale: {x: 1, y: 1, z: 1}
  m_Children: []
  m_Father: {fileID: 4931850740631488947}
  m_RootOrder: 7
  m_LocalEulerAnglesHint: {x: 0, y: -90, z: 0}
--- !u!1 &1601941920
GameObject:
  m_ObjectHideFlags: 0
  m_CorrespondingSourceObject: {fileID: 0}
  m_PrefabInstance: {fileID: 0}
  m_PrefabAsset: {fileID: 0}
  serializedVersion: 6
  m_Component:
  - component: {fileID: 1601941921}
  m_Layer: 0
  m_Name: Left Point Graphics
  m_TagString: Untagged
  m_Icon: {fileID: 0}
  m_NavMeshLayer: 0
  m_StaticEditorFlags: 0
  m_IsActive: 1
--- !u!4 &1601941921
Transform:
  m_ObjectHideFlags: 0
  m_CorrespondingSourceObject: {fileID: 0}
  m_PrefabInstance: {fileID: 0}
  m_PrefabAsset: {fileID: 0}
  m_GameObject: {fileID: 1601941920}
  m_LocalRotation: {x: -0, y: 0.70710707, z: -0, w: 0.70710653}
  m_LocalPosition: {x: -5, y: 0, z: 10}
  m_LocalScale: {x: 1, y: 1, z: 1}
  m_Children: []
  m_Father: {fileID: 4931850740631488947}
  m_RootOrder: 6
  m_LocalEulerAnglesHint: {x: 0, y: 90, z: 0}
--- !u!1 &387197227544275417
GameObject:
  m_ObjectHideFlags: 0
  m_CorrespondingSourceObject: {fileID: 0}
  m_PrefabInstance: {fileID: 0}
  m_PrefabAsset: {fileID: 0}
  serializedVersion: 6
  m_Component:
  - component: {fileID: 2760999309037694373}
  m_Layer: 0
  m_Name: Mountains
  m_TagString: Untagged
  m_Icon: {fileID: 0}
  m_NavMeshLayer: 0
  m_StaticEditorFlags: 0
  m_IsActive: 1
--- !u!4 &2760999309037694373
Transform:
  m_ObjectHideFlags: 0
  m_CorrespondingSourceObject: {fileID: 0}
  m_PrefabInstance: {fileID: 0}
  m_PrefabAsset: {fileID: 0}
  m_GameObject: {fileID: 387197227544275417}
  m_LocalRotation: {x: -0, y: -0, z: -0, w: 1}
  m_LocalPosition: {x: 0, y: 0, z: 0}
  m_LocalScale: {x: 1, y: 1, z: 1}
  m_Children:
  - {fileID: 7371228146651939856}
  - {fileID: 1774810932334925475}
  m_Father: {fileID: 4931850740631488947}
  m_RootOrder: 8
  m_LocalEulerAnglesHint: {x: 0, y: 0, z: 0}
--- !u!1 &1279150641512846126
GameObject:
  m_ObjectHideFlags: 0
  m_CorrespondingSourceObject: {fileID: 0}
  m_PrefabInstance: {fileID: 0}
  m_PrefabAsset: {fileID: 0}
  serializedVersion: 6
  m_Component:
  - component: {fileID: 3659360822678733844}
  m_Layer: 0
  m_Name: Obstacles
  m_TagString: Untagged
  m_Icon: {fileID: 0}
  m_NavMeshLayer: 0
  m_StaticEditorFlags: 0
  m_IsActive: 1
--- !u!4 &3659360822678733844
Transform:
  m_ObjectHideFlags: 0
  m_CorrespondingSourceObject: {fileID: 0}
  m_PrefabInstance: {fileID: 0}
  m_PrefabAsset: {fileID: 0}
  m_GameObject: {fileID: 1279150641512846126}
  m_LocalRotation: {x: 0, y: 1, z: 0, w: 0}
  m_LocalPosition: {x: 0, y: 0, z: 8}
  m_LocalScale: {x: 1, y: 1, z: 1}
  m_Children:
  - {fileID: 5815260091500365272}
  - {fileID: 2560015991920725270}
  - {fileID: 6008405337007860246}
  - {fileID: 7972147356440984720}
  - {fileID: 1758606140136682007}
  - {fileID: 7394896445812809645}
  - {fileID: 6130028843142501433}
  - {fileID: 2110028784230536691}
  - {fileID: 6234444313858597820}
  m_Father: {fileID: 4931850740631488947}
  m_RootOrder: 4
  m_LocalEulerAnglesHint: {x: 0, y: 180, z: 0}
--- !u!1 &1452926443566485367
GameObject:
  m_ObjectHideFlags: 0
  m_CorrespondingSourceObject: {fileID: 0}
  m_PrefabInstance: {fileID: 0}
  m_PrefabAsset: {fileID: 0}
  serializedVersion: 6
  m_Component:
  - component: {fileID: 6234444313858597820}
  m_Layer: 0
  m_Name: point 9
  m_TagString: Untagged
  m_Icon: {fileID: 0}
  m_NavMeshLayer: 0
  m_StaticEditorFlags: 0
  m_IsActive: 1
--- !u!4 &6234444313858597820
Transform:
  m_ObjectHideFlags: 0
  m_CorrespondingSourceObject: {fileID: 0}
  m_PrefabInstance: {fileID: 0}
  m_PrefabAsset: {fileID: 0}
  m_GameObject: {fileID: 1452926443566485367}
  m_LocalRotation: {x: 0, y: 0, z: 0, w: 1}
  m_LocalPosition: {x: 1.1, y: 0, z: 7.3500004}
  m_LocalScale: {x: 1, y: 1, z: 1}
  m_Children: []
  m_Father: {fileID: 3659360822678733844}
  m_RootOrder: 8
  m_LocalEulerAnglesHint: {x: 0, y: 0, z: 0}
--- !u!1 &2758625834536727312
GameObject:
  m_ObjectHideFlags: 0
  m_CorrespondingSourceObject: {fileID: 0}
  m_PrefabInstance: {fileID: 0}
  m_PrefabAsset: {fileID: 0}
  serializedVersion: 6
  m_Component:
  - component: {fileID: 5815260091500365272}
  m_Layer: 0
  m_Name: point 1
  m_TagString: Untagged
  m_Icon: {fileID: 0}
  m_NavMeshLayer: 0
  m_StaticEditorFlags: 0
  m_IsActive: 1
--- !u!4 &5815260091500365272
Transform:
  m_ObjectHideFlags: 0
  m_CorrespondingSourceObject: {fileID: 0}
  m_PrefabInstance: {fileID: 0}
  m_PrefabAsset: {fileID: 0}
  m_GameObject: {fileID: 2758625834536727312}
  m_LocalRotation: {x: 0, y: 0, z: 0, w: 1}
  m_LocalPosition: {x: -1.155, y: 0, z: -3.3}
  m_LocalScale: {x: 1, y: 1, z: 1}
  m_Children: []
  m_Father: {fileID: 3659360822678733844}
  m_RootOrder: 0
  m_LocalEulerAnglesHint: {x: 0, y: 0, z: 0}
--- !u!1 &3186865728711139593
GameObject:
  m_ObjectHideFlags: 0
  m_CorrespondingSourceObject: {fileID: 0}
  m_PrefabInstance: {fileID: 0}
  m_PrefabAsset: {fileID: 0}
  serializedVersion: 6
  m_Component:
  - component: {fileID: 7420362237466074600}
  - component: {fileID: 1733505422559606302}
  - component: {fileID: 8849028687475777049}
  m_Layer: 2
  m_Name: Destroy trigger
  m_TagString: Untagged
  m_Icon: {fileID: 0}
  m_NavMeshLayer: 0
  m_StaticEditorFlags: 0
  m_IsActive: 1
--- !u!4 &7420362237466074600
Transform:
  m_ObjectHideFlags: 0
  m_CorrespondingSourceObject: {fileID: 0}
  m_PrefabInstance: {fileID: 0}
  m_PrefabAsset: {fileID: 0}
  m_GameObject: {fileID: 3186865728711139593}
  m_LocalRotation: {x: -0, y: -0, z: -0, w: 1}
  m_LocalPosition: {x: -0.02, y: 1.18, z: 20.509}
  m_LocalScale: {x: 3.52317, y: 1, z: 0.38959}
  m_Children: []
  m_Father: {fileID: 4931850740631488947}
  m_RootOrder: 3
  m_LocalEulerAnglesHint: {x: 0, y: 0, z: 0}
--- !u!65 &1733505422559606302
BoxCollider:
  m_ObjectHideFlags: 0
  m_CorrespondingSourceObject: {fileID: 0}
  m_PrefabInstance: {fileID: 0}
  m_PrefabAsset: {fileID: 0}
  m_GameObject: {fileID: 3186865728711139593}
  m_Material: {fileID: 0}
  m_IsTrigger: 1
  m_Enabled: 1
  serializedVersion: 2
  m_Size: {x: 1, y: 2.5, z: 1}
  m_Center: {x: 0, y: 0, z: 0}
--- !u!114 &8849028687475777049
MonoBehaviour:
  m_ObjectHideFlags: 0
  m_CorrespondingSourceObject: {fileID: 0}
  m_PrefabInstance: {fileID: 0}
  m_PrefabAsset: {fileID: 0}
  m_GameObject: {fileID: 3186865728711139593}
  m_Enabled: 1
  m_EditorHideFlags: 0
  m_Script: {fileID: 11500000, guid: 8a9cb56849d0cdd41aff0af35887faa8, type: 3}
  m_Name: 
  m_EditorClassIdentifier: 
  parentPoolItem: {fileID: 0}
--- !u!1 &3454808673587833905
GameObject:
  m_ObjectHideFlags: 0
  m_CorrespondingSourceObject: {fileID: 0}
  m_PrefabInstance: {fileID: 0}
  m_PrefabAsset: {fileID: 0}
  serializedVersion: 6
  m_Component:
  - component: {fileID: 7972147356440984720}
  m_Layer: 0
  m_Name: point 4
  m_TagString: Untagged
  m_Icon: {fileID: 0}
  m_NavMeshLayer: 0
  m_StaticEditorFlags: 0
  m_IsActive: 1
--- !u!4 &7972147356440984720
Transform:
  m_ObjectHideFlags: 0
  m_CorrespondingSourceObject: {fileID: 0}
  m_PrefabInstance: {fileID: 0}
  m_PrefabAsset: {fileID: 0}
  m_GameObject: {fileID: 3454808673587833905}
  m_LocalRotation: {x: 0, y: 0, z: 0, w: 1}
  m_LocalPosition: {x: -1.155, y: 0, z: 1.8800004}
  m_LocalScale: {x: 1, y: 1, z: 1}
  m_Children: []
  m_Father: {fileID: 3659360822678733844}
  m_RootOrder: 3
  m_LocalEulerAnglesHint: {x: 0, y: 0, z: 0}
--- !u!1 &4434213413629393178
GameObject:
  m_ObjectHideFlags: 0
  m_CorrespondingSourceObject: {fileID: 0}
  m_PrefabInstance: {fileID: 0}
  m_PrefabAsset: {fileID: 0}
  serializedVersion: 6
  m_Component:
  - component: {fileID: 4434213413629393179}
  m_Layer: 0
  m_Name: end
  m_TagString: Untagged
  m_Icon: {fileID: 0}
  m_NavMeshLayer: 0
  m_StaticEditorFlags: 0
  m_IsActive: 1
--- !u!4 &4434213413629393179
Transform:
  m_ObjectHideFlags: 0
  m_CorrespondingSourceObject: {fileID: 0}
  m_PrefabInstance: {fileID: 0}
  m_PrefabAsset: {fileID: 0}
  m_GameObject: {fileID: 4434213413629393178}
  m_LocalRotation: {x: 0, y: 0, z: 0, w: 1}
  m_LocalPosition: {x: 0, y: 0.0000000018626451, z: 21.1}
  m_LocalScale: {x: 1, y: 1, z: 1}
  m_Children: []
  m_Father: {fileID: 4931850740631488947}
  m_RootOrder: 0
  m_LocalEulerAnglesHint: {x: 0, y: 0, z: 0}
--- !u!1 &4546502363858956727
GameObject:
  m_ObjectHideFlags: 0
  m_CorrespondingSourceObject: {fileID: 0}
  m_PrefabInstance: {fileID: 0}
  m_PrefabAsset: {fileID: 0}
  serializedVersion: 6
  m_Component:
  - component: {fileID: 7394896445812809645}
  m_Layer: 0
  m_Name: point 6
  m_TagString: Untagged
  m_Icon: {fileID: 0}
  m_NavMeshLayer: 0
  m_StaticEditorFlags: 0
  m_IsActive: 1
--- !u!4 &7394896445812809645
Transform:
  m_ObjectHideFlags: 0
  m_CorrespondingSourceObject: {fileID: 0}
  m_PrefabInstance: {fileID: 0}
  m_PrefabAsset: {fileID: 0}
  m_GameObject: {fileID: 4546502363858956727}
  m_LocalRotation: {x: 0, y: 0, z: 0, w: 1}
  m_LocalPosition: {x: 1.1, y: 0, z: 1.8800004}
  m_LocalScale: {x: 1, y: 1, z: 1}
  m_Children: []
  m_Father: {fileID: 3659360822678733844}
  m_RootOrder: 5
  m_LocalEulerAnglesHint: {x: 0, y: 0, z: 0}
--- !u!1 &5134892057311955080
GameObject:
  m_ObjectHideFlags: 0
  m_CorrespondingSourceObject: {fileID: 0}
  m_PrefabInstance: {fileID: 0}
  m_PrefabAsset: {fileID: 0}
  serializedVersion: 6
  m_Component:
  - component: {fileID: 6130028843142501433}
  m_Layer: 0
  m_Name: point 7
  m_TagString: Untagged
  m_Icon: {fileID: 0}
  m_NavMeshLayer: 0
  m_StaticEditorFlags: 0
  m_IsActive: 1
--- !u!4 &6130028843142501433
Transform:
  m_ObjectHideFlags: 0
  m_CorrespondingSourceObject: {fileID: 0}
  m_PrefabInstance: {fileID: 0}
  m_PrefabAsset: {fileID: 0}
  m_GameObject: {fileID: 5134892057311955080}
  m_LocalRotation: {x: 0, y: 0, z: 0, w: 1}
  m_LocalPosition: {x: -1.155, y: 0, z: 7.35}
  m_LocalScale: {x: 1, y: 1, z: 1}
  m_Children: []
  m_Father: {fileID: 3659360822678733844}
  m_RootOrder: 6
  m_LocalEulerAnglesHint: {x: 0, y: 0, z: 0}
--- !u!1 &5421442304713297008
GameObject:
  m_ObjectHideFlags: 0
  m_CorrespondingSourceObject: {fileID: 0}
  m_PrefabInstance: {fileID: 0}
  m_PrefabAsset: {fileID: 0}
  serializedVersion: 6
  m_Component:
  - component: {fileID: 4931850740631488947}
  - component: {fileID: 6704579941353521984}
  m_Layer: 0
  m_Name: straight road prefab
  m_TagString: Untagged
  m_Icon: {fileID: 0}
  m_NavMeshLayer: 0
  m_StaticEditorFlags: 0
  m_IsActive: 1
--- !u!4 &4931850740631488947
Transform:
  m_ObjectHideFlags: 0
  m_CorrespondingSourceObject: {fileID: 0}
  m_PrefabInstance: {fileID: 0}
  m_PrefabAsset: {fileID: 0}
  m_GameObject: {fileID: 5421442304713297008}
  m_LocalRotation: {x: 0, y: 0, z: 0, w: 1}
  m_LocalPosition: {x: 0, y: 0, z: 0}
  m_LocalScale: {x: 1, y: 1, z: 1}
  m_Children:
  - {fileID: 4434213413629393179}
  - {fileID: 4149950732842886203}
  - {fileID: 5259687714554808667}
  - {fileID: 7420362237466074600}
  - {fileID: 3659360822678733844}
  - {fileID: 1697096043035266108}
  - {fileID: 1601941921}
  - {fileID: 1226100057}
  - {fileID: 2760999309037694373}
  m_Father: {fileID: 0}
  m_RootOrder: 0
  m_LocalEulerAnglesHint: {x: 0, y: 0, z: 0}
--- !u!114 &6704579941353521984
MonoBehaviour:
  m_ObjectHideFlags: 0
  m_CorrespondingSourceObject: {fileID: 0}
  m_PrefabInstance: {fileID: 0}
  m_PrefabAsset: {fileID: 0}
  m_GameObject: {fileID: 5421442304713297008}
  m_Enabled: 1
  m_EditorHideFlags: 0
  m_Script: {fileID: 11500000, guid: 97e7bc2bda5fb134a84199fbd93f884c, type: 3}
  m_Name: 
  m_EditorClassIdentifier: 
  endPoint: {fileID: 4434213413629393179}
  obstaclePoints:
  - {fileID: 5815260091500365272}
  - {fileID: 2560015991920725270}
  - {fileID: 6008405337007860246}
  - {fileID: 7972147356440984720}
  - {fileID: 1758606140136682007}
  - {fileID: 7394896445812809645}
  - {fileID: 6130028843142501433}
  - {fileID: 2110028784230536691}
  - {fileID: 6234444313858597820}
  graphicsPoints:
  - {fileID: 1601941921}
  - {fileID: 1226100057}
  pooledObstacles: []
  pooledGraphics: []
--- !u!1 &6211687306238561213
GameObject:
  m_ObjectHideFlags: 0
  m_CorrespondingSourceObject: {fileID: 0}
  m_PrefabInstance: {fileID: 0}
  m_PrefabAsset: {fileID: 0}
  serializedVersion: 6
  m_Component:
  - component: {fileID: 4149950732842886203}
  - component: {fileID: 3926519941264523908}
  - component: {fileID: 4263876780419458869}
  - component: {fileID: 7403161989694006698}
  m_Layer: 2
  m_Name: border left
  m_TagString: Untagged
  m_Icon: {fileID: 0}
  m_NavMeshLayer: 0
  m_StaticEditorFlags: 0
  m_IsActive: 1
--- !u!4 &4149950732842886203
Transform:
  m_ObjectHideFlags: 0
  m_CorrespondingSourceObject: {fileID: 0}
  m_PrefabInstance: {fileID: 0}
  m_PrefabAsset: {fileID: 0}
  m_GameObject: {fileID: 6211687306238561213}
  m_LocalRotation: {x: -0, y: -0, z: -0, w: 1}
  m_LocalPosition: {x: -1.86, y: 1.27, z: 10.5861}
  m_LocalScale: {x: 0.13459, y: 1, z: 21.104729}
  m_Children: []
  m_Father: {fileID: 4931850740631488947}
  m_RootOrder: 1
  m_LocalEulerAnglesHint: {x: 0, y: 0, z: 0}
--- !u!33 &3926519941264523908
MeshFilter:
  m_ObjectHideFlags: 0
  m_CorrespondingSourceObject: {fileID: 0}
  m_PrefabInstance: {fileID: 0}
  m_PrefabAsset: {fileID: 0}
  m_GameObject: {fileID: 6211687306238561213}
  m_Mesh: {fileID: 10202, guid: 0000000000000000e000000000000000, type: 0}
--- !u!23 &4263876780419458869
MeshRenderer:
  m_ObjectHideFlags: 0
  m_CorrespondingSourceObject: {fileID: 0}
  m_PrefabInstance: {fileID: 0}
  m_PrefabAsset: {fileID: 0}
  m_GameObject: {fileID: 6211687306238561213}
  m_Enabled: 0
  m_CastShadows: 1
  m_ReceiveShadows: 1
  m_DynamicOccludee: 1
  m_MotionVectors: 1
  m_LightProbeUsage: 1
  m_ReflectionProbeUsage: 1
  m_RayTracingMode: 2
  m_RayTraceProcedural: 0
  m_RenderingLayerMask: 1
  m_RendererPriority: 0
  m_Materials:
  - {fileID: 10303, guid: 0000000000000000f000000000000000, type: 0}
  m_StaticBatchInfo:
    firstSubMesh: 0
    subMeshCount: 0
  m_StaticBatchRoot: {fileID: 0}
  m_ProbeAnchor: {fileID: 0}
  m_LightProbeVolumeOverride: {fileID: 0}
  m_ScaleInLightmap: 1
  m_ReceiveGI: 1
  m_PreserveUVs: 0
  m_IgnoreNormalsForChartDetection: 0
  m_ImportantGI: 0
  m_StitchLightmapSeams: 1
  m_SelectedEditorRenderState: 3
  m_MinimumChartSize: 4
  m_AutoUVMaxDistance: 0.5
  m_AutoUVMaxAngle: 89
  m_LightmapParameters: {fileID: 0}
  m_SortingLayerID: 0
  m_SortingLayer: 0
  m_SortingOrder: 0
  m_AdditionalVertexStreams: {fileID: 0}
--- !u!65 &7403161989694006698
BoxCollider:
  m_ObjectHideFlags: 0
  m_CorrespondingSourceObject: {fileID: 0}
  m_PrefabInstance: {fileID: 0}
  m_PrefabAsset: {fileID: 0}
  m_GameObject: {fileID: 6211687306238561213}
  m_Material: {fileID: 0}
  m_IsTrigger: 0
  m_Enabled: 1
  serializedVersion: 2
  m_Size: {x: 1, y: 2.5, z: 1}
  m_Center: {x: 0, y: 0, z: 0}
--- !u!1 &6936901513842322896
GameObject:
  m_ObjectHideFlags: 0
  m_CorrespondingSourceObject: {fileID: 0}
  m_PrefabInstance: {fileID: 0}
  m_PrefabAsset: {fileID: 0}
  serializedVersion: 6
  m_Component:
  - component: {fileID: 1697096043035266108}
  m_Layer: 0
  m_Name: Graphics
  m_TagString: Untagged
  m_Icon: {fileID: 0}
  m_NavMeshLayer: 0
  m_StaticEditorFlags: 0
  m_IsActive: 1
--- !u!4 &1697096043035266108
Transform:
  m_ObjectHideFlags: 0
  m_CorrespondingSourceObject: {fileID: 0}
  m_PrefabInstance: {fileID: 0}
  m_PrefabAsset: {fileID: 0}
  m_GameObject: {fileID: 6936901513842322896}
  m_LocalRotation: {x: 0, y: 0, z: 0, w: 1}
  m_LocalPosition: {x: 0, y: 0, z: 0}
  m_LocalScale: {x: 1, y: 1, z: 1}
  m_Children:
  - {fileID: 1969606760545411714}
  - {fileID: 596846692657142256}
  - {fileID: 1315244139617071304}
  - {fileID: 3479396246380161972}
  m_Father: {fileID: 4931850740631488947}
  m_RootOrder: 5
  m_LocalEulerAnglesHint: {x: 0, y: 0, z: 0}
--- !u!1 &7888933819237262264
GameObject:
  m_ObjectHideFlags: 0
  m_CorrespondingSourceObject: {fileID: 0}
  m_PrefabInstance: {fileID: 0}
  m_PrefabAsset: {fileID: 0}
  serializedVersion: 6
  m_Component:
  - component: {fileID: 1758606140136682007}
  m_Layer: 0
  m_Name: point 5
  m_TagString: Untagged
  m_Icon: {fileID: 0}
  m_NavMeshLayer: 0
  m_StaticEditorFlags: 0
  m_IsActive: 1
--- !u!4 &1758606140136682007
Transform:
  m_ObjectHideFlags: 0
  m_CorrespondingSourceObject: {fileID: 0}
  m_PrefabInstance: {fileID: 0}
  m_PrefabAsset: {fileID: 0}
  m_GameObject: {fileID: 7888933819237262264}
  m_LocalRotation: {x: 0, y: 0, z: 0, w: 1}
  m_LocalPosition: {x: 0, y: 0, z: 1.88}
  m_LocalScale: {x: 1, y: 1, z: 1}
  m_Children: []
  m_Father: {fileID: 3659360822678733844}
  m_RootOrder: 4
  m_LocalEulerAnglesHint: {x: 0, y: 0, z: 0}
--- !u!1 &8414167096052245997
GameObject:
  m_ObjectHideFlags: 0
  m_CorrespondingSourceObject: {fileID: 0}
  m_PrefabInstance: {fileID: 0}
  m_PrefabAsset: {fileID: 0}
  serializedVersion: 6
  m_Component:
  - component: {fileID: 6008405337007860246}
  m_Layer: 0
  m_Name: point 3
  m_TagString: Untagged
  m_Icon: {fileID: 0}
  m_NavMeshLayer: 0
  m_StaticEditorFlags: 0
  m_IsActive: 1
--- !u!4 &6008405337007860246
Transform:
  m_ObjectHideFlags: 0
  m_CorrespondingSourceObject: {fileID: 0}
  m_PrefabInstance: {fileID: 0}
  m_PrefabAsset: {fileID: 0}
  m_GameObject: {fileID: 8414167096052245997}
  m_LocalRotation: {x: 0, y: 0, z: 0, w: 1}
  m_LocalPosition: {x: 1.1, y: 0, z: -3.3}
  m_LocalScale: {x: 1, y: 1, z: 1}
  m_Children: []
  m_Father: {fileID: 3659360822678733844}
  m_RootOrder: 2
  m_LocalEulerAnglesHint: {x: 0, y: 0, z: 0}
--- !u!1 &8868509434355681333
GameObject:
  m_ObjectHideFlags: 0
  m_CorrespondingSourceObject: {fileID: 0}
  m_PrefabInstance: {fileID: 0}
  m_PrefabAsset: {fileID: 0}
  serializedVersion: 6
  m_Component:
  - component: {fileID: 2110028784230536691}
  m_Layer: 0
  m_Name: point 8
  m_TagString: Untagged
  m_Icon: {fileID: 0}
  m_NavMeshLayer: 0
  m_StaticEditorFlags: 0
  m_IsActive: 1
--- !u!4 &2110028784230536691
Transform:
  m_ObjectHideFlags: 0
  m_CorrespondingSourceObject: {fileID: 0}
  m_PrefabInstance: {fileID: 0}
  m_PrefabAsset: {fileID: 0}
  m_GameObject: {fileID: 8868509434355681333}
  m_LocalRotation: {x: 0, y: 0, z: 0, w: 1}
  m_LocalPosition: {x: 0, y: 0, z: 7.3500004}
  m_LocalScale: {x: 1, y: 1, z: 1}
  m_Children: []
  m_Father: {fileID: 3659360822678733844}
  m_RootOrder: 7
  m_LocalEulerAnglesHint: {x: 0, y: 0, z: 0}
--- !u!1 &8880476537876091777
GameObject:
  m_ObjectHideFlags: 0
  m_CorrespondingSourceObject: {fileID: 0}
  m_PrefabInstance: {fileID: 0}
  m_PrefabAsset: {fileID: 0}
  serializedVersion: 6
  m_Component:
  - component: {fileID: 5259687714554808667}
  - component: {fileID: 7709269612356141720}
  - component: {fileID: 5450692791491576905}
  - component: {fileID: 922426189329758712}
  m_Layer: 2
  m_Name: border right
  m_TagString: Untagged
  m_Icon: {fileID: 0}
  m_NavMeshLayer: 0
  m_StaticEditorFlags: 0
  m_IsActive: 1
--- !u!4 &5259687714554808667
Transform:
  m_ObjectHideFlags: 0
  m_CorrespondingSourceObject: {fileID: 0}
  m_PrefabInstance: {fileID: 0}
  m_PrefabAsset: {fileID: 0}
  m_GameObject: {fileID: 8880476537876091777}
  m_LocalRotation: {x: -0, y: -0, z: -0, w: 1}
  m_LocalPosition: {x: 1.86, y: 1.27, z: 10.5861}
  m_LocalScale: {x: 0.13459, y: 1, z: 21.104729}
  m_Children: []
  m_Father: {fileID: 4931850740631488947}
  m_RootOrder: 2
  m_LocalEulerAnglesHint: {x: 0, y: 0, z: 0}
--- !u!33 &7709269612356141720
MeshFilter:
  m_ObjectHideFlags: 0
  m_CorrespondingSourceObject: {fileID: 0}
  m_PrefabInstance: {fileID: 0}
  m_PrefabAsset: {fileID: 0}
  m_GameObject: {fileID: 8880476537876091777}
  m_Mesh: {fileID: 10202, guid: 0000000000000000e000000000000000, type: 0}
--- !u!23 &5450692791491576905
MeshRenderer:
  m_ObjectHideFlags: 0
  m_CorrespondingSourceObject: {fileID: 0}
  m_PrefabInstance: {fileID: 0}
  m_PrefabAsset: {fileID: 0}
  m_GameObject: {fileID: 8880476537876091777}
  m_Enabled: 0
  m_CastShadows: 1
  m_ReceiveShadows: 1
  m_DynamicOccludee: 1
  m_MotionVectors: 1
  m_LightProbeUsage: 1
  m_ReflectionProbeUsage: 1
  m_RayTracingMode: 2
  m_RayTraceProcedural: 0
  m_RenderingLayerMask: 1
  m_RendererPriority: 0
  m_Materials:
  - {fileID: 10303, guid: 0000000000000000f000000000000000, type: 0}
  m_StaticBatchInfo:
    firstSubMesh: 0
    subMeshCount: 0
  m_StaticBatchRoot: {fileID: 0}
  m_ProbeAnchor: {fileID: 0}
  m_LightProbeVolumeOverride: {fileID: 0}
  m_ScaleInLightmap: 1
  m_ReceiveGI: 1
  m_PreserveUVs: 0
  m_IgnoreNormalsForChartDetection: 0
  m_ImportantGI: 0
  m_StitchLightmapSeams: 1
  m_SelectedEditorRenderState: 3
  m_MinimumChartSize: 4
  m_AutoUVMaxDistance: 0.5
  m_AutoUVMaxAngle: 89
  m_LightmapParameters: {fileID: 0}
  m_SortingLayerID: 0
  m_SortingLayer: 0
  m_SortingOrder: 0
  m_AdditionalVertexStreams: {fileID: 0}
--- !u!65 &922426189329758712
BoxCollider:
  m_ObjectHideFlags: 0
  m_CorrespondingSourceObject: {fileID: 0}
  m_PrefabInstance: {fileID: 0}
  m_PrefabAsset: {fileID: 0}
  m_GameObject: {fileID: 8880476537876091777}
  m_Material: {fileID: 0}
  m_IsTrigger: 0
  m_Enabled: 1
  serializedVersion: 2
  m_Size: {x: 1, y: 2.5, z: 1}
  m_Center: {x: 0, y: 0, z: 0}
--- !u!1 &8976845844357188426
GameObject:
  m_ObjectHideFlags: 0
  m_CorrespondingSourceObject: {fileID: 0}
  m_PrefabInstance: {fileID: 0}
  m_PrefabAsset: {fileID: 0}
  serializedVersion: 6
  m_Component:
  - component: {fileID: 2560015991920725270}
  m_Layer: 0
  m_Name: point 2
  m_TagString: Untagged
  m_Icon: {fileID: 0}
  m_NavMeshLayer: 0
  m_StaticEditorFlags: 0
  m_IsActive: 1
--- !u!4 &2560015991920725270
Transform:
  m_ObjectHideFlags: 0
  m_CorrespondingSourceObject: {fileID: 0}
  m_PrefabInstance: {fileID: 0}
  m_PrefabAsset: {fileID: 0}
  m_GameObject: {fileID: 8976845844357188426}
  m_LocalRotation: {x: 0, y: 0, z: 0, w: 1}
  m_LocalPosition: {x: 0, y: 0, z: -3.3}
  m_LocalScale: {x: 1, y: 1, z: 1}
  m_Children: []
  m_Father: {fileID: 3659360822678733844}
  m_RootOrder: 1
  m_LocalEulerAnglesHint: {x: 0, y: 0, z: 0}
--- !u!1001 &1774810932334786271
PrefabInstance:
  m_ObjectHideFlags: 0
  serializedVersion: 2
  m_Modification:
    m_TransformParent: {fileID: 2760999309037694373}
    m_Modifications:
    - target: {fileID: 125978, guid: 4a6556da5abedc44594c45ac4a2cf5fe, type: 3}
      propertyPath: m_Name
      value: SM_Env_MountainGrass_02
      objectReference: {fileID: 0}
    - target: {fileID: 450684, guid: 4a6556da5abedc44594c45ac4a2cf5fe, type: 3}
      propertyPath: m_RootOrder
      value: 1
      objectReference: {fileID: 0}
    - target: {fileID: 450684, guid: 4a6556da5abedc44594c45ac4a2cf5fe, type: 3}
      propertyPath: m_LocalPosition.x
      value: 27.88
      objectReference: {fileID: 0}
    - target: {fileID: 450684, guid: 4a6556da5abedc44594c45ac4a2cf5fe, type: 3}
      propertyPath: m_LocalPosition.y
      value: -0.6000004
      objectReference: {fileID: 0}
    - target: {fileID: 450684, guid: 4a6556da5abedc44594c45ac4a2cf5fe, type: 3}
      propertyPath: m_LocalPosition.z
      value: 11.97
      objectReference: {fileID: 0}
    - target: {fileID: 450684, guid: 4a6556da5abedc44594c45ac4a2cf5fe, type: 3}
      propertyPath: m_LocalRotation.w
      value: 1
      objectReference: {fileID: 0}
    - target: {fileID: 450684, guid: 4a6556da5abedc44594c45ac4a2cf5fe, type: 3}
      propertyPath: m_LocalRotation.x
      value: -0
      objectReference: {fileID: 0}
    - target: {fileID: 450684, guid: 4a6556da5abedc44594c45ac4a2cf5fe, type: 3}
      propertyPath: m_LocalRotation.y
      value: -0
      objectReference: {fileID: 0}
    - target: {fileID: 450684, guid: 4a6556da5abedc44594c45ac4a2cf5fe, type: 3}
      propertyPath: m_LocalRotation.z
      value: -0
      objectReference: {fileID: 0}
    - target: {fileID: 450684, guid: 4a6556da5abedc44594c45ac4a2cf5fe, type: 3}
      propertyPath: m_LocalEulerAnglesHint.x
      value: 0
      objectReference: {fileID: 0}
    - target: {fileID: 450684, guid: 4a6556da5abedc44594c45ac4a2cf5fe, type: 3}
      propertyPath: m_LocalEulerAnglesHint.y
      value: 0
      objectReference: {fileID: 0}
    - target: {fileID: 450684, guid: 4a6556da5abedc44594c45ac4a2cf5fe, type: 3}
      propertyPath: m_LocalEulerAnglesHint.z
      value: 0
      objectReference: {fileID: 0}
    m_RemovedComponents: []
  m_SourcePrefab: {fileID: 100100000, guid: 4a6556da5abedc44594c45ac4a2cf5fe, type: 3}
--- !u!4 &1774810932334925475 stripped
Transform:
  m_CorrespondingSourceObject: {fileID: 450684, guid: 4a6556da5abedc44594c45ac4a2cf5fe, type: 3}
  m_PrefabInstance: {fileID: 1774810932334786271}
  m_PrefabAsset: {fileID: 0}
--- !u!1001 &1968243760907929193
PrefabInstance:
  m_ObjectHideFlags: 0
  serializedVersion: 2
  m_Modification:
    m_TransformParent: {fileID: 1697096043035266108}
    m_Modifications:
    - target: {fileID: 169980626616822811, guid: b1f163f11237f6c4a946526556b97fdf, type: 3}
      propertyPath: m_Name
      value: conveyor belts red
      objectReference: {fileID: 0}
    - target: {fileID: 653080040476636833, guid: b1f163f11237f6c4a946526556b97fdf, type: 3}
      propertyPath: m_RootOrder
      value: 2
      objectReference: {fileID: 0}
    - target: {fileID: 653080040476636833, guid: b1f163f11237f6c4a946526556b97fdf, type: 3}
      propertyPath: m_LocalPosition.x
      value: 1.12
      objectReference: {fileID: 0}
    - target: {fileID: 653080040476636833, guid: b1f163f11237f6c4a946526556b97fdf, type: 3}
      propertyPath: m_LocalPosition.y
      value: 0
      objectReference: {fileID: 0}
    - target: {fileID: 653080040476636833, guid: b1f163f11237f6c4a946526556b97fdf, type: 3}
      propertyPath: m_LocalPosition.z
      value: 10.644838
      objectReference: {fileID: 0}
    - target: {fileID: 653080040476636833, guid: b1f163f11237f6c4a946526556b97fdf, type: 3}
      propertyPath: m_LocalRotation.w
      value: 1
      objectReference: {fileID: 0}
    - target: {fileID: 653080040476636833, guid: b1f163f11237f6c4a946526556b97fdf, type: 3}
      propertyPath: m_LocalRotation.x
      value: -0
      objectReference: {fileID: 0}
    - target: {fileID: 653080040476636833, guid: b1f163f11237f6c4a946526556b97fdf, type: 3}
      propertyPath: m_LocalRotation.y
      value: -0
      objectReference: {fileID: 0}
    - target: {fileID: 653080040476636833, guid: b1f163f11237f6c4a946526556b97fdf, type: 3}
      propertyPath: m_LocalRotation.z
      value: -0
      objectReference: {fileID: 0}
    - target: {fileID: 653080040476636833, guid: b1f163f11237f6c4a946526556b97fdf, type: 3}
      propertyPath: m_LocalEulerAnglesHint.x
      value: 0
      objectReference: {fileID: 0}
    - target: {fileID: 653080040476636833, guid: b1f163f11237f6c4a946526556b97fdf, type: 3}
      propertyPath: m_LocalEulerAnglesHint.y
      value: 0
      objectReference: {fileID: 0}
    - target: {fileID: 653080040476636833, guid: b1f163f11237f6c4a946526556b97fdf, type: 3}
      propertyPath: m_LocalEulerAnglesHint.z
      value: 0
      objectReference: {fileID: 0}
    - target: {fileID: 1052309229869502797, guid: b1f163f11237f6c4a946526556b97fdf, type: 3}
      propertyPath: laneSpeed
      value: 10
      objectReference: {fileID: 0}
    m_RemovedComponents: []
  m_SourcePrefab: {fileID: 100100000, guid: b1f163f11237f6c4a946526556b97fdf, type: 3}
--- !u!4 &1315244139617071304 stripped
Transform:
  m_CorrespondingSourceObject: {fileID: 653080040476636833, guid: b1f163f11237f6c4a946526556b97fdf, type: 3}
  m_PrefabInstance: {fileID: 1968243760907929193}
  m_PrefabAsset: {fileID: 0}
--- !u!1001 &3114991444795776841
PrefabInstance:
  m_ObjectHideFlags: 0
  serializedVersion: 2
  m_Modification:
    m_TransformParent: {fileID: 1697096043035266108}
    m_Modifications:
    - target: {fileID: 2554315940613113529, guid: 784edfca51d63a24ab69be84739dd215, type: 3}
      propertyPath: m_RootOrder
      value: 1
      objectReference: {fileID: 0}
    - target: {fileID: 2554315940613113529, guid: 784edfca51d63a24ab69be84739dd215, type: 3}
      propertyPath: m_LocalPosition.x
      value: -0.02
      objectReference: {fileID: 0}
    - target: {fileID: 2554315940613113529, guid: 784edfca51d63a24ab69be84739dd215, type: 3}
      propertyPath: m_LocalPosition.y
      value: 0
      objectReference: {fileID: 0}
    - target: {fileID: 2554315940613113529, guid: 784edfca51d63a24ab69be84739dd215, type: 3}
      propertyPath: m_LocalPosition.z
      value: 10.61
      objectReference: {fileID: 0}
    - target: {fileID: 2554315940613113529, guid: 784edfca51d63a24ab69be84739dd215, type: 3}
      propertyPath: m_LocalRotation.w
      value: 1
      objectReference: {fileID: 0}
    - target: {fileID: 2554315940613113529, guid: 784edfca51d63a24ab69be84739dd215, type: 3}
      propertyPath: m_LocalRotation.x
      value: -0
      objectReference: {fileID: 0}
    - target: {fileID: 2554315940613113529, guid: 784edfca51d63a24ab69be84739dd215, type: 3}
      propertyPath: m_LocalRotation.y
      value: -0
      objectReference: {fileID: 0}
    - target: {fileID: 2554315940613113529, guid: 784edfca51d63a24ab69be84739dd215, type: 3}
      propertyPath: m_LocalRotation.z
      value: -0
      objectReference: {fileID: 0}
    - target: {fileID: 2554315940613113529, guid: 784edfca51d63a24ab69be84739dd215, type: 3}
      propertyPath: m_LocalEulerAnglesHint.x
      value: 0
      objectReference: {fileID: 0}
    - target: {fileID: 2554315940613113529, guid: 784edfca51d63a24ab69be84739dd215, type: 3}
      propertyPath: m_LocalEulerAnglesHint.y
      value: 0
      objectReference: {fileID: 0}
    - target: {fileID: 2554315940613113529, guid: 784edfca51d63a24ab69be84739dd215, type: 3}
      propertyPath: m_LocalEulerAnglesHint.z
      value: 0
      objectReference: {fileID: 0}
    - target: {fileID: 2664012967600824661, guid: 784edfca51d63a24ab69be84739dd215, type: 3}
      propertyPath: laneSpeed
      value: 12
      objectReference: {fileID: 0}
    - target: {fileID: 2898365960336219139, guid: 784edfca51d63a24ab69be84739dd215, type: 3}
      propertyPath: m_Name
      value: conveyor belts yellow
      objectReference: {fileID: 0}
    m_RemovedComponents: []
  m_SourcePrefab: {fileID: 100100000, guid: 784edfca51d63a24ab69be84739dd215, type: 3}
--- !u!4 &596846692657142256 stripped
Transform:
  m_CorrespondingSourceObject: {fileID: 2554315940613113529, guid: 784edfca51d63a24ab69be84739dd215, type: 3}
  m_PrefabInstance: {fileID: 3114991444795776841}
  m_PrefabAsset: {fileID: 0}
--- !u!1001 &5842193425820764457
PrefabInstance:
  m_ObjectHideFlags: 0
  serializedVersion: 2
  m_Modification:
    m_TransformParent: {fileID: 1697096043035266108}
    m_Modifications:
    - target: {fileID: 1217400933157672959, guid: c77a9957b2e1d4f44a66580d34f063a2, type: 3}
      propertyPath: m_Name
      value: Ground
      objectReference: {fileID: 0}
    - target: {fileID: 7015182720829121181, guid: c77a9957b2e1d4f44a66580d34f063a2, type: 3}
      propertyPath: m_RootOrder
      value: 3
      objectReference: {fileID: 0}
    - target: {fileID: 7015182720829121181, guid: c77a9957b2e1d4f44a66580d34f063a2, type: 3}
      propertyPath: m_LocalPosition.x
      value: 0
      objectReference: {fileID: 0}
    - target: {fileID: 7015182720829121181, guid: c77a9957b2e1d4f44a66580d34f063a2, type: 3}
      propertyPath: m_LocalPosition.y
      value: -0.3
      objectReference: {fileID: 0}
    - target: {fileID: 7015182720829121181, guid: c77a9957b2e1d4f44a66580d34f063a2, type: 3}
      propertyPath: m_LocalPosition.z
      value: 1.01
      objectReference: {fileID: 0}
    - target: {fileID: 7015182720829121181, guid: c77a9957b2e1d4f44a66580d34f063a2, type: 3}
      propertyPath: m_LocalRotation.w
      value: 1
      objectReference: {fileID: 0}
    - target: {fileID: 7015182720829121181, guid: c77a9957b2e1d4f44a66580d34f063a2, type: 3}
      propertyPath: m_LocalRotation.x
      value: -0
      objectReference: {fileID: 0}
    - target: {fileID: 7015182720829121181, guid: c77a9957b2e1d4f44a66580d34f063a2, type: 3}
      propertyPath: m_LocalRotation.y
      value: -0
      objectReference: {fileID: 0}
    - target: {fileID: 7015182720829121181, guid: c77a9957b2e1d4f44a66580d34f063a2, type: 3}
      propertyPath: m_LocalRotation.z
      value: -0
      objectReference: {fileID: 0}
    - target: {fileID: 7015182720829121181, guid: c77a9957b2e1d4f44a66580d34f063a2, type: 3}
      propertyPath: m_LocalEulerAnglesHint.x
      value: 0
      objectReference: {fileID: 0}
    - target: {fileID: 7015182720829121181, guid: c77a9957b2e1d4f44a66580d34f063a2, type: 3}
      propertyPath: m_LocalEulerAnglesHint.y
      value: 0
      objectReference: {fileID: 0}
    - target: {fileID: 7015182720829121181, guid: c77a9957b2e1d4f44a66580d34f063a2, type: 3}
      propertyPath: m_LocalEulerAnglesHint.z
      value: 0
      objectReference: {fileID: 0}
    m_RemovedComponents: []
  m_SourcePrefab: {fileID: 100100000, guid: c77a9957b2e1d4f44a66580d34f063a2, type: 3}
--- !u!4 &3479396246380161972 stripped
Transform:
  m_CorrespondingSourceObject: {fileID: 7015182720829121181, guid: c77a9957b2e1d4f44a66580d34f063a2, type: 3}
  m_PrefabInstance: {fileID: 5842193425820764457}
  m_PrefabAsset: {fileID: 0}
--- !u!1001 &7371228146651821556
PrefabInstance:
  m_ObjectHideFlags: 0
  serializedVersion: 2
  m_Modification:
    m_TransformParent: {fileID: 2760999309037694373}
    m_Modifications:
    - target: {fileID: 167684, guid: 527fa9e5a993752478e3f10c46b015ff, type: 3}
      propertyPath: m_Name
      value: SM_Env_MountainGrass_01
      objectReference: {fileID: 0}
    - target: {fileID: 405988, guid: 527fa9e5a993752478e3f10c46b015ff, type: 3}
      propertyPath: m_RootOrder
      value: 0
      objectReference: {fileID: 0}
    - target: {fileID: 405988, guid: 527fa9e5a993752478e3f10c46b015ff, type: 3}
      propertyPath: m_LocalPosition.x
      value: -30.01
      objectReference: {fileID: 0}
    - target: {fileID: 405988, guid: 527fa9e5a993752478e3f10c46b015ff, type: 3}
      propertyPath: m_LocalPosition.y
      value: -0.6000004
      objectReference: {fileID: 0}
    - target: {fileID: 405988, guid: 527fa9e5a993752478e3f10c46b015ff, type: 3}
      propertyPath: m_LocalPosition.z
      value: 12.37
      objectReference: {fileID: 0}
    - target: {fileID: 405988, guid: 527fa9e5a993752478e3f10c46b015ff, type: 3}
      propertyPath: m_LocalRotation.w
      value: 1
      objectReference: {fileID: 0}
    - target: {fileID: 405988, guid: 527fa9e5a993752478e3f10c46b015ff, type: 3}
      propertyPath: m_LocalRotation.x
      value: -0
      objectReference: {fileID: 0}
    - target: {fileID: 405988, guid: 527fa9e5a993752478e3f10c46b015ff, type: 3}
      propertyPath: m_LocalRotation.y
      value: -0
      objectReference: {fileID: 0}
    - target: {fileID: 405988, guid: 527fa9e5a993752478e3f10c46b015ff, type: 3}
      propertyPath: m_LocalRotation.z
      value: -0
      objectReference: {fileID: 0}
    - target: {fileID: 405988, guid: 527fa9e5a993752478e3f10c46b015ff, type: 3}
      propertyPath: m_LocalEulerAnglesHint.x
      value: 0
      objectReference: {fileID: 0}
    - target: {fileID: 405988, guid: 527fa9e5a993752478e3f10c46b015ff, type: 3}
      propertyPath: m_LocalEulerAnglesHint.y
      value: 0
      objectReference: {fileID: 0}
    - target: {fileID: 405988, guid: 527fa9e5a993752478e3f10c46b015ff, type: 3}
      propertyPath: m_LocalEulerAnglesHint.z
      value: 0
      objectReference: {fileID: 0}
    m_RemovedComponents: []
  m_SourcePrefab: {fileID: 100100000, guid: 527fa9e5a993752478e3f10c46b015ff, type: 3}
--- !u!4 &7371228146651939856 stripped
Transform:
  m_CorrespondingSourceObject: {fileID: 405988, guid: 527fa9e5a993752478e3f10c46b015ff, type: 3}
  m_PrefabInstance: {fileID: 7371228146651821556}
  m_PrefabAsset: {fileID: 0}
--- !u!1001 &8835972900261369524
PrefabInstance:
  m_ObjectHideFlags: 0
  serializedVersion: 2
  m_Modification:
    m_TransformParent: {fileID: 1697096043035266108}
    m_Modifications:
    - target: {fileID: 7046686873469252662, guid: cca6cee859902a34fa8606b1a818854b, type: 3}
      propertyPath: m_RootOrder
      value: 0
      objectReference: {fileID: 0}
    - target: {fileID: 7046686873469252662, guid: cca6cee859902a34fa8606b1a818854b, type: 3}
      propertyPath: m_LocalPosition.x
      value: -1.16
      objectReference: {fileID: 0}
    - target: {fileID: 7046686873469252662, guid: cca6cee859902a34fa8606b1a818854b, type: 3}
      propertyPath: m_LocalPosition.y
      value: 0
      objectReference: {fileID: 0}
    - target: {fileID: 7046686873469252662, guid: cca6cee859902a34fa8606b1a818854b, type: 3}
      propertyPath: m_LocalPosition.z
      value: 10.637618
      objectReference: {fileID: 0}
    - target: {fileID: 7046686873469252662, guid: cca6cee859902a34fa8606b1a818854b, type: 3}
      propertyPath: m_LocalRotation.w
      value: 1
      objectReference: {fileID: 0}
    - target: {fileID: 7046686873469252662, guid: cca6cee859902a34fa8606b1a818854b, type: 3}
      propertyPath: m_LocalRotation.x
      value: -0
      objectReference: {fileID: 0}
    - target: {fileID: 7046686873469252662, guid: cca6cee859902a34fa8606b1a818854b, type: 3}
      propertyPath: m_LocalRotation.y
      value: -0
      objectReference: {fileID: 0}
    - target: {fileID: 7046686873469252662, guid: cca6cee859902a34fa8606b1a818854b, type: 3}
      propertyPath: m_LocalRotation.z
      value: -0
      objectReference: {fileID: 0}
    - target: {fileID: 7046686873469252662, guid: cca6cee859902a34fa8606b1a818854b, type: 3}
      propertyPath: m_LocalEulerAnglesHint.x
      value: 0
      objectReference: {fileID: 0}
    - target: {fileID: 7046686873469252662, guid: cca6cee859902a34fa8606b1a818854b, type: 3}
      propertyPath: m_LocalEulerAnglesHint.y
      value: 0
      objectReference: {fileID: 0}
    - target: {fileID: 7046686873469252662, guid: cca6cee859902a34fa8606b1a818854b, type: 3}
      propertyPath: m_LocalEulerAnglesHint.z
      value: 0
      objectReference: {fileID: 0}
    - target: {fileID: 7368000166113547226, guid: cca6cee859902a34fa8606b1a818854b, type: 3}
      propertyPath: laneSpeed
      value: 8
      objectReference: {fileID: 0}
    - target: {fileID: 7674429314527047308, guid: cca6cee859902a34fa8606b1a818854b, type: 3}
      propertyPath: m_Name
      value: conveyor belts green
      objectReference: {fileID: 0}
    m_RemovedComponents: []
  m_SourcePrefab: {fileID: 100100000, guid: cca6cee859902a34fa8606b1a818854b, type: 3}
--- !u!4 &1969606760545411714 stripped
Transform:
  m_CorrespondingSourceObject: {fileID: 7046686873469252662, guid: cca6cee859902a34fa8606b1a818854b, type: 3}
  m_PrefabInstance: {fileID: 8835972900261369524}
  m_PrefabAsset: {fileID: 0}
